<mx:record xmlns="http://www.w3.org/TR/xhtml1/strict" xmlns:mx="http://www.loc.gov/MARC21/slim" xmlns:xsi="http://www.w3.org/2001/XMLSchema-instance"><mx:leader>00000cz   2200000n  0000</mx:leader><mx:controlfield tag="001">oca01749240 </mx:controlfield><mx:controlfield tag="005">19901113055221.2</mx:controlfield><mx:controlfield tag="008">850314n| acannaab|          |a aaa      </mx:controlfield><mx:datafield ind1=" " ind2=" " tag="010"><mx:subfield code="a">n  85014253</mx:subfield></mx:datafield><mx:datafield ind1=" " ind2=" " tag="040"><mx:subfield code="a">DLC</mx:subfield><mx:subfield code="c">DLC</mx:subfield><mx:subfield code="d">DLC</mx:subfield><mx:subfield code="d">NNC</mx:subfield></mx:datafield><mx:datafield ind1="1" ind2=" " tag="100"><mx:subfield code="a">Verus, Lucius Aurelius,</mx:subfield><mx:subfield code="c">Emperor of Rome,</mx:subfield><mx:subfield code="d">130-169</mx:subfield></mx:datafield><mx:datafield ind1="1" ind2=" " tag="400"><mx:subfield code="a">Vero, Lucio,</mx:subfield><mx:subfield code="c">Emperor of Rome,</mx:subfield><mx:subfield code="d">130-169</mx:subfield></mx:datafield><mx:datafield ind1=" " ind2=" " tag="670"><mx:subfield code="a">Pilpel, R. Between eternities, 1985.</mx:subfield></mx:datafield><mx:datafield ind1=" " ind2=" " tag="670"><mx:subfield code="a">Flisi, E. Questioni di ritrattistica antoniniana, 1989:</mx:subfield><mx:subfield code="b">p. 7 (Lucio Vero)</mx:subfield></mx:datafield></mx:record>